@book{bib:kramer_2009_intelligence,
  author={Kramer, Oliver},
  title={Computational intelligence: eine Einf{\"u}hrung},
  year={2009},
  address={New York},
  publisher={Springer Verlag},
},

